{"neow_bonuses_skipped_log":["TEN_PERCENT_HP_BONUS"],"potions_obtained_entropic_brew":[[],[],[],[],[],[],[],[],[],[],[],[],[],[],[],[]],"neow_costs_skipped_log":["NONE"],"gold_per_floor":[117,267,267,267,282,317,380,421,459,506,537,549,571,598,610,622],"floor_reached":16,"playtime":761,"items_purged":[],"score":270,"play_id":"7de60852-9b39-4b94-95fc-392c32b16b71","local_time":"20250406092647","score_breakdown":["到達した階層 (16): 80","敵モンスター撃破数 (5): 10","エリート撃破：序章 (2): 20","ボス撃破 (0): 0","チャンピオン (1): 25","アセンション (20): 135"],"is_ascension_mode":true,"potions_obtained_alchemize":[[],[],[],[],[],[],[],[],[],[],[],[],[],[],[],[]],"campfire_choices":[{"floor":12,"key":"REST"},{"data":"A Thousand Cuts","floor":15,"key":"SMITH"}],"lesson_learned_per_floor":[[],[],[],[],[],[],[],[],[],[],[],[],[],[],[],[]],"neow_cost":"NONE","improvable_cards":{},"seed_source_timestamp":560311940992333,"shop_contents":[],"circlet_count":0,"master_deck":["AscendersBane","Strike_G","Strike_G","Strike_G","Strike_G","Strike_G","Defend_G","Defend_G","Defend_G","Defend_G","Defend_G","Survivor","Neutralize","Dagger Spray+1","Doubt","Underhanded Strike","Unload","Tactician","Terror","Underhanded Strike","Caltrops","A Thousand Cuts+1"],"potion_use_per_floor":[[],[],[],[],[],[],[],["DistilledChaos"],[],["SteroidPotion","Weak Potion"],[],[],[],[],[],["PowerPotion"]],"relics":["Ring of the Snake","NeowsBlessing","Strawberry","MawBank","Bronze Scales","Odd Mushroom","Happy Flower","Vajra"],"potions_floor_usage":[8,10,10,16],"damage_taken":[{"damage":0,"enemies":"Jaw Worm","floor":1,"turns":1},{"damage":0,"enemies":"Small Slimes","floor":5,"turns":1},{"damage":0,"enemies":"Gremlin Nob","floor":6,"turns":1},{"damage":0,"enemies":"The Mushroom Lair","floor":8,"turns":2},{"damage":38,"enemies":"Lagavulin","floor":10,"turns":7},{"damage":0,"enemies":"2 Louse","floor":11,"turns":2},{"damage":1,"enemies":"Looter","floor":13,"turns":3},{"damage":13,"enemies":"Large Slime","floor":14,"turns":3},{"damage":36,"enemies":"The Guardian","floor":16,"turns":2}],"seed_played":"-808230024979206082","neow_bonus_log":{"cardsObtained":[],"cardsUpgraded":[],"cardsRemoved":[],"cardsTransformed":[],"relicsObtained":["NeowsBlessing"],"maxHpGained":0,"goldGained":0,"damageTaken":0,"goldLost":0,"maxHpLost":0},"potions_obtained":[{"floor":5,"key":"DistilledChaos"},{"floor":6,"key":"Weak Potion"},{"floor":8,"key":"SteroidPotion"},{"floor":11,"key":"PowerPotion"},{"floor":14,"key":"GhostInAJar"}],"is_trial":false,"path_per_floor":["M","?","?","?","M","E","T","?","T","E","M","R","M","M","R","B"],"character_chosen":"THE_SILENT","basemod:card_modifiers":[null,null,null,null,null,null,null,null,null,null,null,null,null,null,null,null,null,null,null,null,null,null],"items_purchased":[],"campfire_rested":1,"item_purchase_floors":[],"current_hp_per_floor":[59,59,59,40,40,40,40,40,40,2,2,23,22,9,9,0],"gold":622,"neow_bonus":"THREE_ENEMY_KILL","is_prod":false,"is_daily":false,"rewards_skipped":[],"chose_seed":false,"campfire_upgraded":1,"win_rate":0,"floor_exit_playtime":[440,447,456,468,477,490,496,540,546,627,654,660,692,729,737],"timestamp":1743899207,"path_taken":["M","?","?","?","M","E","?","?","T","E","M","R","M","M","R","BOSS"],"build_version":"2022-12-18","purchased_purges":0,"victory":false,"max_hp_per_floor":[66,66,66,73,73,73,73,73,73,73,73,73,73,73,73,73],"relic_stats":{"Happy Flower":[5],"counters":[9,22],"Bronze Scales":[27],"MawBank":120,"obtain_stats":[{"NeowsBlessing":0,"Happy Flower":9,"Strawberry":4,"Bronze Scales":7,"Vajra":10,"Odd Mushroom":8,"MawBank":6,"Ring of the Snake":0},{"NeowsBlessing":0,"Happy Flower":4,"Strawberry":1,"Bronze Scales":3,"Vajra":5,"Odd Mushroom":4,"MawBank":3,"Ring of the Snake":0},{"NeowsBlessing":0,"Happy Flower":5,"Strawberry":1,"Bronze Scales":3,"Vajra":12,"Odd Mushroom":5,"MawBank":3,"Ring of the Snake":0}],"Ring of the Snake":[18]},"card_choices":[{"not_picked":["Prepared","Concentrate"],"picked":"Dagger Spray","floor":1},{"not_picked":["Endless Agony","Deflect"],"picked":"Underhanded Strike","floor":5},{"not_picked":["Malaise","Deadly Poison"],"picked":"Unload","floor":6},{"not_picked":["Choke","Poisoned Stab"],"picked":"Tactician","floor":8},{"not_picked":["PiercingWail","Deflect"],"picked":"Terror","floor":10},{"not_picked":["Bane","Choke"],"picked":"Underhanded Strike","floor":11},{"not_picked":["Slice","Underhanded Strike"],"picked":"Caltrops","floor":13},{"not_picked":["Slice","Leg Sweep"],"picked":"A Thousand Cuts","floor":14}],"player_experience":1011998,"relics_obtained":[{"floor":6,"key":"MawBank"},{"floor":7,"key":"Bronze Scales"},{"floor":8,"key":"Odd Mushroom"},{"floor":9,"key":"Happy Flower"},{"floor":10,"key":"Vajra"}],"event_choices":[{"damage_healed":0,"gold_gain":150,"player_choice":"AGREE","damage_taken":0,"max_hp_gain":0,"max_hp_loss":0,"event_name":"Liars Game","floor":2,"gold_loss":0,"cards_obtained":["Doubt"]},{"damage_healed":0,"gold_gain":0,"player_choice":"Grow","damage_taken":0,"max_hp_gain":0,"max_hp_loss":0,"event_name":"Living Wall","floor":3,"gold_loss":0,"cards_upgraded":["Dagger Spray"]},{"damage_healed":0,"gold_gain":0,"player_choice":"Success","damage_taken":26,"relics_obtained":["Strawberry"],"max_hp_gain":0,"max_hp_loss":0,"event_name":"Scrap Ooze","floor":4,"gold_loss":0},{"damage_healed":0,"gold_gain":0,"player_choice":"Fought Mushrooms","damage_taken":0,"max_hp_gain":0,"max_hp_loss":0,"event_name":"Mushrooms","floor":8,"gold_loss":0}],"is_beta":false,"boss_relics":[],"items_purged_floors":[],"is_endless":false,"potions_floor_spawned":[5,6,8,11,14],"killed_by":"The Guardian","ascension_level":20,"potion_discard_per_floor":[[],[],[],[],[],[],[],[],[],[],[],[],[],[],[],[]]}