{"neow_bonuses_skipped_log":["THREE_CARDS","TWENTY_PERCENT_HP_BONUS","BOSS_RELIC"],"potions_obtained_entropic_brew":[[],[],[],[],[],[],[],[],[],[],[],[],[],[],[],[],[],[],[],[],[],[],[],[],[],[],[],[],[],[],[],[],[],[],[],[],[],[],[],[],[],[],[],[]],"neow_costs_skipped_log":["NONE","NO_GOLD","NONE"],"gold_per_floor":[113,113,38,51,126,159,159,171,171,171,42,77,77,89,89,164,164,180,199,99,99,99,99,374,384,407,407,420,470,486,500,500,571,571,587,587,605,622,640,672,672,702,702,702],"floor_reached":44,"playtime":2579,"items_purged":["Strike_G","Strike_G"],"score":1031,"play_id":"5f0c20af-32b6-473d-bade-44bda5083d8b","local_time":"20250330233118","score_breakdown":["到達した階層 (44): 220","敵モンスター撃破数 (14): 28","エリート撃破：序章 (2): 20","エリート撃破：シティ (0): 0","エリート撃破：彼方 (2): 60","ボス撃破 (2): 150","収集家 (1): 25","チャンピオン (1): 25","アセンション (20): 503"],"is_ascension_mode":true,"potions_obtained_alchemize":[[],[],[],[],[],[],[],[],[],[],[],[],[],[],[],[],[],[],[],[],[],[],[],[],[],[],[],[],[],[],[],[],[],[],[],[],[],[],[],[],[],[],[],[]],"campfire_choices":[{"data":"Footwork","floor":7,"key":"SMITH"},{"data":"Eviscerate","floor":10,"key":"SMITH"},{"data":"Blade Dance","floor":13,"key":"SMITH"},{"data":"Prepared","floor":15,"key":"SMITH"},{"data":"Accuracy","floor":23,"key":"SMITH"},{"data":"Accuracy","floor":27,"key":"SMITH"},{"floor":32,"key":"REST"},{"floor":41,"key":"REST"}],"lesson_learned_per_floor":[[],[],[],[],[],[],[],[],[],[],[],[],[],[],[],[],[],[],[],[],[],[],[],[],[],[],[],[],[],[],[],[],[],[],[],[],[],[],[],[],[],[],[],[]],"neow_cost":"NONE","improvable_cards":{},"seed_source_timestamp":465078041662750,"shop_contents":[{"floor":2,"relics":["Blue Candle","Anchor","TwistedFunnel"],"cards":["Dagger Spray","Skewer","Deadly Poison","Acrobatics","Envenom","Flash of Steel","Secret Technique"],"potions":["Explosive Potion","GamblersBrew","Weak Potion"]},{"floor":11,"relics":["HornCleat","Molten Egg 2","Frozen Eye"],"cards":["Skewer","Dagger Spray","Backflip","Caltrops","PanicButton","Magnetism"],"potions":["Explosive Potion","Fire Potion","Fire Potion"]},{"floor":20,"relics":["Toy Ornithopter","Prayer Wheel","ClockworkSouvenir"],"cards":["Sucker Punch","Flying Knee","PiercingWail","Prepared","Footwork","Dark Shackles","Master of Strategy"],"potions":["Strength Potion","LiquidBronze","DuplicationPotion"]}],"circlet_count":0,"master_deck":["AscendersBane","Defend_G","Defend_G","Defend_G","Defend_G","Defend_G","Survivor","Neutralize","Footwork+1","Slice","Eviscerate+1","Blade Dance+1","Backflip","Prepared+1","Adrenaline","Prepared","Accuracy+1","Distraction","Backstab","Tactician","Regret","Accuracy+1","Prepared","Acrobatics","Adrenaline","PiercingWail","Prepared","Tactician+1","Concentrate"],"potion_use_per_floor":[[],[],[],[],[],[],[],[],[],[],[],[],[],[],[],[],[],[],[],[],[],[],[],[],["Fruit Juice"],[],[],[],[],[],[],[],[],[],[],[],[],[],[],["CunningPotion"],[],["FairyPotion"],[],["FearPotion"]],"relics":["Ring of the Snake","NeowsBlessing","Kunai","Orichalcum","Bottled Tornado","Runic Pyramid","Cursed Key","Regal Pillow","Pantograph"],"potions_floor_usage":[25,40,44],"damage_taken":[{"damage":0,"enemies":"Jaw Worm","floor":1,"turns":1},{"damage":0,"enemies":"2 Louse","floor":4,"turns":1},{"damage":0,"enemies":"Lagavulin","floor":6,"turns":1},{"damage":6,"enemies":"Cultist","floor":8,"turns":5},{"damage":22,"enemies":"3 Sentries","floor":12,"turns":13},{"damage":0,"enemies":"Large Slime","floor":14,"turns":7},{"damage":2,"enemies":"The Guardian","floor":16,"turns":12},{"damage":3,"enemies":"Shell Parasite","floor":18,"turns":5},{"damage":5,"enemies":"2 Thieves","floor":19,"turns":3},{"damage":20,"enemies":"Shelled Parasite and Fungi","floor":25,"turns":4},{"damage":8,"enemies":"Snake Plant","floor":28,"turns":4},{"damage":9,"enemies":"Chosen and Byrds","floor":30,"turns":9},{"damage":0,"enemies":"3 Cultists","floor":31,"turns":5},{"damage":24,"enemies":"Champ","floor":33,"turns":13},{"damage":0,"enemies":"Orb Walker","floor":35,"turns":2},{"damage":8,"enemies":"3 Darklings","floor":37,"turns":6},{"damage":5,"enemies":"4 Shapes","floor":38,"turns":6},{"damage":3,"enemies":"Transient","floor":39,"turns":6},{"damage":38,"enemies":"Reptomancer","floor":40,"turns":7},{"damage":68,"enemies":"Giant Head","floor":42,"turns":9},{"damage":17,"enemies":"Nemesis","floor":44,"turns":4}],"green_key_taken_log":42,"seed_played":"1272611713498574359","neow_bonus_log":{"cardsObtained":[],"cardsUpgraded":[],"cardsRemoved":[],"cardsTransformed":[],"relicsObtained":["NeowsBlessing"],"maxHpGained":0,"goldGained":0,"damageTaken":0,"goldLost":0,"maxHpLost":0},"potions_obtained":[{"floor":1,"key":"Weak Potion"},{"floor":12,"key":"CunningPotion"},{"floor":25,"key":"Fruit Juice"},{"floor":30,"key":"LiquidBronze"},{"floor":33,"key":"FairyPotion"},{"floor":42,"key":"FearPotion"}],"is_trial":false,"path_per_floor":["M","$","?","M","?","E","R","M","T","R","$","E","R","M","R","B",null,"M","M","$","?","?","R","?","M","T","R","M","?","M","M","R","B",null,"M","?","M","M","M","E","R","E","T","E"],"character_chosen":"THE_SILENT","basemod:card_modifiers":[null,null,null,null,null,null,null,null,null,null,null,null,null,null,null,null,null,null,null,null,null,null,null,null,null,null,null,null,null],"items_purchased":["Blade Dance"],"campfire_rested":2,"item_purchase_floors":[11],"current_hp_per_floor":[59,59,59,59,48,48,48,42,42,42,42,20,20,20,20,18,54,51,46,46,46,46,46,46,31,31,31,23,23,14,14,35,11,56,56,56,48,43,40,2,38,6,6,0],"gold":702,"neow_bonus":"THREE_ENEMY_KILL","is_prod":false,"is_daily":false,"rewards_skipped":[{"floor":16,"relics":[],"potions":["SkillPotion"]},{"floor":19,"relics":[],"potions":["EssenceOfSteel"]},{"floor":38,"relics":[],"potions":["GamblersBrew"]}],"chose_seed":false,"campfire_upgraded":6,"win_rate":0,"floor_exit_playtime":[21,29,35,46,49,68,84,129,133,141,163,302,310,410,417,588,625,706,767,800,817,838,852,857,945,958,970,1048,1061,1225,1341,1346,1627,1662,1706,1708,1844,1941,2117,2272,2277,2491,2497],"timestamp":1743345078,"blue_key_relic_skipped_log":{"floor":26,"relicID":"Boot"},"path_taken":["M","$","?","M","?","E","R","M","T","R","$","E","R","M","R","BOSS","M","M","$","?","?","R","?","M","T","R","?","?","?","M","R","BOSS","M","?","M","M","M","E","R","E","T","E"],"build_version":"2022-12-18","purchased_purges":2,"victory":false,"max_hp_per_floor":[66,66,66,66,66,66,66,66,66,66,66,66,66,66,66,66,66,66,66,66,66,66,66,66,71,71,71,71,71,71,71,71,71,71,71,71,71,71,71,71,71,71,71,71],"relic_stats":{"Regal Pillow":15,"counters":[21,123],"Pantograph":0,"Kunai":[80],"Orichalcum":[156],"Bottled Tornado":"Footwork","Cursed Key":0,"obtain_stats":[{"Regal Pillow":40,"NeowsBlessing":0,"Pantograph":42,"Kunai":6,"Orichalcum":9,"Bottled Tornado":12,"Cursed Key":34,"Ring of the Snake":0,"Runic Pyramid":17},{"Regal Pillow":19,"NeowsBlessing":0,"Pantograph":20,"Kunai":3,"Orichalcum":4,"Bottled Tornado":5,"Cursed Key":14,"Ring of the Snake":0,"Runic Pyramid":7},{"Regal Pillow":110,"NeowsBlessing":0,"Pantograph":119,"Kunai":3,"Orichalcum":8,"Bottled Tornado":21,"Cursed Key":83,"Ring of the Snake":0,"Runic Pyramid":40}],"Ring of the Snake":[42]},"card_choices":[{"not_picked":["Concentrate","Catalyst","Infinite Blades"],"picked":"SKIP","floor":1},{"not_picked":["Bane","Prepared"],"picked":"Footwork","floor":4},{"not_picked":["Bane","Dodge and Roll"],"picked":"Slice","floor":6},{"not_picked":["Crippling Poison","Riddle With Holes"],"picked":"Eviscerate","floor":8},{"not_picked":["PiercingWail","Quick Slash"],"picked":"Backflip","floor":12},{"not_picked":["Blade Dance","PiercingWail"],"picked":"Prepared","floor":14},{"not_picked":["Phantasmal Killer","Malaise"],"picked":"Adrenaline","floor":16},{"not_picked":["Dagger Throw","Finisher"],"picked":"Prepared","floor":18},{"not_picked":["Expertise+1","Well Laid Plans"],"picked":"Accuracy","floor":19},{"not_picked":["All Out Attack","Masterful Stab","Heel Hook","Well Laid Plans","Expertise","Catalyst","Sucker Punch","Noxious Fumes","Terror","Backflip","Footwork","PiercingWail","Leg Sweep","Slice","Dagger Throw","Crippling Poison","Outmaneuver","Riddle With Holes","Acrobatics"],"picked":"Tactician","floor":22},{"not_picked":["Crippling Poison","Deadly Poison"],"picked":"Accuracy","floor":25},{"not_picked":["Blur","Slice+1"],"picked":"Prepared","floor":28},{"not_picked":["Outmaneuver+1","Bane+1","Slice+1"],"picked":"SKIP","floor":30},{"not_picked":["Sucker Punch+1","Slice+1"],"picked":"Acrobatics","floor":31},{"not_picked":["A Thousand Cuts","Doppelganger"],"picked":"Adrenaline","floor":33},{"not_picked":["Outmaneuver+1","Poisoned Stab","Cloak And Dagger+1"],"picked":"SKIP","floor":35},{"not_picked":["Well Laid Plans","Underhanded Strike"],"picked":"PiercingWail","floor":37},{"not_picked":["Slice","Sucker Punch","Endless Agony+1"],"picked":"SKIP","floor":38},{"not_picked":["Bane","Outmaneuver"],"picked":"Prepared","floor":39},{"not_picked":["Doppelganger","Underhanded Strike"],"picked":"Tactician+1","floor":40},{"not_picked":["Outmaneuver","Sucker Punch+1"],"picked":"Concentrate","floor":42}],"player_experience":1000500,"relics_obtained":[{"floor":6,"key":"Kunai"},{"floor":9,"key":"Orichalcum"},{"floor":12,"key":"Bottled Tornado"},{"floor":40,"key":"Regal Pillow"},{"floor":42,"key":"Pantograph"}],"event_choices":[{"cards_removed":["Strike_G"],"damage_healed":0,"gold_gain":0,"player_choice":"Card Removal","damage_taken":0,"max_hp_gain":0,"max_hp_loss":0,"event_name":"The Cleric","floor":3,"gold_loss":75},{"damage_healed":0,"gold_gain":75,"player_choice":"Gather Gold","damage_taken":11,"max_hp_gain":0,"max_hp_loss":0,"event_name":"World of Goop","floor":5,"gold_loss":0},{"damage_healed":0,"gold_gain":0,"cards_transformed":["Strike_G","Strike_G"],"player_choice":"Became Test Subject","damage_taken":0,"max_hp_gain":0,"max_hp_loss":0,"event_name":"Drug Dealer","floor":21,"gold_loss":0,"cards_obtained":["Distraction","Backstab"]},{"damage_healed":0,"gold_gain":0,"player_choice":"Read","damage_taken":0,"max_hp_gain":0,"max_hp_loss":0,"event_name":"The Library","floor":22,"gold_loss":0,"cards_obtained":["Tactician"]},{"damage_healed":0,"gold_gain":275,"player_choice":"Desecrate","damage_taken":0,"max_hp_gain":0,"max_hp_loss":0,"event_name":"Golden Shrine","floor":24,"gold_loss":0,"cards_obtained":["Regret"]},{"damage_healed":0,"gold_gain":100,"player_choice":"Bet on Murderer","damage_taken":0,"max_hp_gain":0,"max_hp_loss":0,"event_name":"The Joust","floor":29,"gold_loss":50},{"damage_healed":0,"gold_gain":0,"player_choice":"Ignored","damage_taken":0,"max_hp_gain":0,"max_hp_loss":0,"event_name":"Tomb of Lord Red Mask","floor":36,"gold_loss":0}],"is_beta":false,"boss_relics":[{"not_picked":["SlaversCollar","Ring of the Serpent"],"picked":"Runic Pyramid"},{"not_picked":["Fusion Hammer","Astrolabe"],"picked":"Cursed Key"}],"items_purged_floors":[11,20],"is_endless":false,"potions_floor_spawned":[1,12,16,19,25,30,33,38,42],"killed_by":"Nemesis","ascension_level":20,"potion_discard_per_floor":[[],[],[],[],[],[],[],[],[],[],[],[],[],[],[],[],[],[],[],[],[],[],[],[],["Weak Potion"],[],[],[],[],[],[],[],["LiquidBronze"],[],[],[],[],[],[],[],[],[],[],[]]}