{"neow_bonuses_skipped_log":["TEN_PERCENT_HP_BONUS"],"potions_obtained_entropic_brew":[[],[],[],[],[],[],[],[],[],[],[],[],[],[],[],[]],"neow_costs_skipped_log":["NONE"],"gold_per_floor":[119,119,119,119,140,179,179,197,197,197,197,232,67,83,83,83],"floor_reached":16,"playtime":401,"items_purged":[],"score":266,"play_id":"6d12eba5-0e43-4069-8605-5b5b4f7dd643","local_time":"20250330195346","score_breakdown":["到達した階層 (16): 80","敵モンスター撃破数 (4): 8","エリート撃破：序章 (2): 20","ボス撃破 (0): 0","チャンピオン (1): 25","アセンション (20): 133"],"is_ascension_mode":true,"potions_obtained_alchemize":[[],[],[],[],[],[],[],[],[],[],[],[],[],[],[],[]],"campfire_choices":[{"data":"Deadly Poison","floor":7,"key":"SMITH"},{"data":"Survivor","floor":11,"key":"SMITH"},{"data":"Tactician","floor":15,"key":"SMITH"}],"lesson_learned_per_floor":[[],[],[],[],[],[],[],[],[],[],[],[],[],[],[],[]],"neow_cost":"NONE","improvable_cards":{},"seed_source_timestamp":454203446808792,"shop_contents":[{"floor":13,"relics":["Lizard Tail","Incense Burner","TheAbacus"],"cards":["Glass Knife+1","Slice+1","Setup","Blind","Thinking Ahead"],"potions":["Regen Potion","AttackPotion","SneckoOil"]}],"circlet_count":0,"master_deck":["AscendersBane","Strike_G","Strike_G","Strike_G","Strike_G","Strike_G","Defend_G","Defend_G","Defend_G","Defend_G","Survivor+1","Neutralize+1","Deadly Poison+1","Bane+1","Die Die Die+1","Reflex","Doppelganger","Footwork","Doppelganger","Tactician+1"],"potion_use_per_floor":[[],[],[],[],[],[],[],[],[],[],[],["Dexterity Potion"],[],[],[],["PowerPotion"]],"relics":["Ring of the Snake","NeowsBlessing","Golden Idol","Molten Egg 2","Anchor","Paper Crane","Boot"],"potions_floor_usage":[12,16],"damage_taken":[{"damage":0,"enemies":"Jaw Worm","floor":1,"turns":1},{"damage":0,"enemies":"2 Louse","floor":5,"turns":1},{"damage":0,"enemies":"Gremlin Nob","floor":6,"turns":1},{"damage":0,"enemies":"Small Slimes","floor":8,"turns":2},{"damage":11,"enemies":"Lagavulin","floor":12,"turns":5},{"damage":3,"enemies":"2 Fungi Beasts","floor":14,"turns":3},{"damage":20,"enemies":"Hexaghost","floor":16,"turns":9}],"green_key_taken_log":6,"seed_played":"-124202192429741167","neow_bonus_log":{"cardsObtained":[],"cardsUpgraded":[],"cardsRemoved":[],"cardsTransformed":[],"relicsObtained":["NeowsBlessing"],"maxHpGained":0,"goldGained":0,"damageTaken":0,"goldLost":0,"maxHpLost":0},"potions_obtained":[{"floor":5,"key":"Dexterity Potion"},{"floor":12,"key":"PowerPotion"}],"is_trial":false,"path_per_floor":["M","?","?","?","M","E","R","M","T","?","R","E","$","M","R","B"],"character_chosen":"THE_SILENT","basemod:card_modifiers":[null,null,null,null,null,null,null,null,null,null,null,null,null,null,null,null,null,null,null,null],"items_purchased":["Footwork","Doppelganger"],"campfire_rested":0,"item_purchase_floors":[13,13],"current_hp_per_floor":[59,59,41,34,34,34,34,34,34,34,34,23,23,20,20,0],"gold":83,"neow_bonus":"THREE_ENEMY_KILL","is_prod":false,"is_daily":false,"rewards_skipped":[],"chose_seed":false,"campfire_upgraded":3,"win_rate":0,"floor_exit_playtime":[22,25,32,43,57,79,87,120,124,135,151,233,251,293,305],"timestamp":1743332026,"path_taken":["M","?","?","?","M","E","R","M","T","?","R","E","$","M","R","BOSS"],"build_version":"2022-12-18","purchased_purges":0,"victory":false,"max_hp_per_floor":[66,60,60,60,60,60,60,60,60,60,60,60,60,60,60,60],"relic_stats":{"counters":[7,22],"Golden Idol":26,"Boot":[5],"obtain_stats":[{"Anchor":6,"NeowsBlessing":0,"Golden Idol":2,"Molten Egg 2":3,"Paper Crane":9,"Boot":12,"Ring of the Snake":0},{"Anchor":3,"NeowsBlessing":0,"Golden Idol":1,"Molten Egg 2":1,"Paper Crane":4,"Boot":5,"Ring of the Snake":0},{"Anchor":3,"NeowsBlessing":0,"Golden Idol":1,"Molten Egg 2":1,"Paper Crane":5,"Boot":10,"Ring of the Snake":0}],"Ring of the Snake":[14]},"card_choices":[{"not_picked":["Poisoned Stab","Blade Dance"],"picked":"Deadly Poison","floor":1},{"not_picked":["Dagger Spray+1","Infinite Blades"],"picked":"Bane+1","floor":5},{"not_picked":["Sucker Punch+1","Eviscerate+1"],"picked":"Die Die Die+1","floor":6},{"not_picked":["Prepared","PiercingWail"],"picked":"Reflex","floor":8},{"not_picked":["Blade Dance","Poisoned Stab+1"],"picked":"Doppelganger","floor":12},{"not_picked":["Slice+1","Noxious Fumes"],"picked":"Tactician","floor":14}],"player_experience":999465,"relics_obtained":[{"floor":6,"key":"Anchor"},{"floor":9,"key":"Paper Crane"},{"floor":12,"key":"Boot"}],"event_choices":[{"damage_healed":0,"gold_gain":0,"player_choice":"Lose Max HP","damage_taken":0,"relics_obtained":["Golden Idol"],"max_hp_gain":0,"max_hp_loss":6,"event_name":"Golden Idol","floor":2,"gold_loss":0},{"damage_healed":0,"gold_gain":0,"player_choice":"Success","damage_taken":18,"relics_obtained":["Molten Egg 2"],"max_hp_gain":0,"max_hp_loss":0,"event_name":"Scrap Ooze","floor":3,"gold_loss":0},{"cards_removed":["Defend_G"],"damage_healed":0,"gold_gain":0,"player_choice":"Card Removal","damage_taken":7,"max_hp_gain":0,"max_hp_loss":0,"event_name":"Golden Wing","floor":4,"gold_loss":0},{"damage_healed":0,"gold_gain":0,"player_choice":"Upgraded","damage_taken":0,"max_hp_gain":0,"max_hp_loss":0,"event_name":"Upgrade Shrine","floor":10,"gold_loss":0,"cards_upgraded":["Neutralize"]}],"is_beta":false,"boss_relics":[],"items_purged_floors":[],"is_endless":false,"potions_floor_spawned":[5,12],"killed_by":"Hexaghost","ascension_level":20,"potion_discard_per_floor":[[],[],[],[],[],[],[],[],[],[],[],[],[],[],[],[]]}