{"neow_bonuses_skipped_log":["REMOVE_CARD","TWENTY_PERCENT_HP_BONUS","BOSS_RELIC"],"potions_obtained_entropic_brew":[[],[],[],[],[],[],[],[],[],[],[],[],[],[],[],[],[],[],[],[],[],[],[],[],[],[],[],[],[],[],[],[],[],[],[],[],[],[],[],[],[],[],[],[],[],[],[],[],[],[],[],[],[],[],[],[]],"neow_costs_skipped_log":["NONE","PERCENT_DAMAGE","NONE"],"gold_per_floor":[217,227,45,10,21,54,54,86,139,139,139,158,168,182,182,259,259,278,278,203,76,50,50,84,84,107,142,153,153,172,189,189,262,262,282,296,296,309,321,321,341,368,395,429,447,272,287,307,307,307,307,307,307,17,50,50],"floor_reached":56,"playtime":5769,"items_purged":["Strike_G","Strike_G","Strike_G"],"score":1926,"play_id":"c8ca6e16-e3cf-44ec-9926-8c6fb0729dac","local_time":"20250413222026","score_breakdown":["到達した階層 (56): 280","敵モンスター撃破数 (19): 38","エリート撃破：序章 (2): 20","エリート撃破：シティ (2): 40","エリート撃破：彼方 (2): 60","ボス撃破 (4): 500","コ・コ・コ・コンボォー！: 25","アセンション (20): 963"],"is_ascension_mode":true,"potions_obtained_alchemize":[[],[],[],[],[],[],[],[],[],[],[],[],[],[],[],[],[],["Strength Potion"],[],[],[],["SkillPotion"],[],["Weak Potion"],[],[],["Strength Potion"],["Energy Potion"],[],["GamblersBrew"],["GamblersBrew"],[],["Poison Potion"],[],["Swift Potion"],[],[],["SteroidPotion"],["Block Potion"],[],["Strength Potion"],["Regen Potion"],[],["SmokeBomb"],["ColorlessPotion"],[],["SteroidPotion"],["PowerPotion"],[],[],["SpeedPotion"],[],[],[],["Weak Potion"],["Fire Potion"]],"campfire_choices":[{"data":"Apotheosis","floor":7.0,"key":"SMITH"},{"floor":10.0,"key":"REST"},{"floor":15.0,"key":"REST"},{"floor":23,"key":"REST"},{"floor":25,"key":"RECALL"},{"floor":32,"key":"REST"},{"floor":40,"key":"REST"},{"floor":49,"key":"REST"},{"floor":53,"key":"REST"}],"lesson_learned_per_floor":[[],[],[],[],[],[],[],[],[],[],[],[],[],[],[],[],[],[],[],[],[],[],[],[],[],[],[],[],[],[],[],[],[],[],[],[],[],[],[],[],[],[],[],[],[],[],[],[],[],[],[],[],[],[],[],[]],"neow_cost":"NONE","improvable_cards":{},"seed_source_timestamp":0,"shop_contents":[{"floor":3,"relics":["Blue Candle","Lantern","Chemical X"],"cards":["Poisoned Stab","Quick Slash","Dodge and Roll","Distraction","Wraith Form v2","Forethought"],"potions":["ColorlessPotion","FearPotion","GamblersBrew"]},{"floor":19,"relics":["Orichalcum","Omamori","Cauldron"],"cards":["Predator","Quick Slash","Cloak And Dagger","PiercingWail","Accuracy","Flash of Steel","Master of Strategy"],"potions":["EssenceOfSteel","EssenceOfSteel","Weak Potion"]},{"floor":21,"relics":["Ginger","Meat on the Bone","Toolbox"],"cards":["All Out Attack","Riddle With Holes","Deadly Poison","Noxious Fumes","Blind","Thinking Ahead"],"potions":["EntropicBrew","Regen Potion","BlessingOfTheForge"]},{"floor":46,"relics":["Strawberry","Mercury Hourglass","TheAbacus"],"cards":["Backstab+1","Unload+1","Escape Plan","Caltrops","Flash of Steel+1","Secret Weapon"],"potions":["PowerPotion","SpeedPotion","AttackPotion"]},{"floor":54,"relics":["Nunchaku","TwistedFunnel"],"cards":["Finisher+1","Slice+1","Bullet Time","Terror","Accuracy","Swift Strike+1","HandOfGreed+1"],"potions":["LiquidMemories","BlessingOfTheForge","Ancient Potion"]}],"circlet_count":0,"master_deck":["AscendersBane","Defend_G","Defend_G","Defend_G","Defend_G","Defend_G","Survivor","Neutralize","Dash","Apotheosis+1","Eviscerate","Acrobatics","Wraith Form v2","Doppelganger","Crippling Poison","Well Laid Plans","Prepared","Venomology","Backflip","Tools of the Trade","Calculated Gamble","Concentrate","Backflip","PiercingWail","Night Terror","Acrobatics","Master of Strategy","Enlightenment","Burst","Tactician+1","Eviscerate+1","Concentrate","Calculated Gamble+1"],"special_seed":0,"potion_use_per_floor":[[],[],[],[],[],[],[],["Fire Potion"],[],[],[],[],[],[],[],[],[],["SkillPotion"],[],[],[],["Strength Potion"],[],["SkillPotion","Weak Potion"],[],[],["SkillPotion"],["Strength Potion"],[],["Energy Potion"],["GamblersBrew"],[],["GamblersBrew","Poison Potion"],[],["Dexterity Potion"],[],[],["Swift Potion"],["SteroidPotion"],[],["Block Potion"],["Strength Potion"],[],["Regen Potion"],["Fire Potion"],[],["Block Potion"],["Weak Potion"],[],[],["PowerPotion"],[],[],[],["SpeedPotion"],["Energy Potion","FairyPotion","Fire Potion"]],"relics":["Ring of the Snake","Question Card","Happy Flower","Regal Pillow","Fusion Hammer","Art of War","Oddly Smooth Stone","Molten Egg 2","Runic Pyramid","Paper Crane","Pen Nib","Toy Ornithopter","Boot"],"potions_floor_usage":[18,22,24,24,27,28,30,31,33,33,35,38,39,41,42,44,45,47,48,51,55,56,56],"damage_taken":[{"damage":7.0,"enemies":"Jaw Worm","floor":1.0,"turns":4.0},{"damage":14.0,"enemies":"Small Slimes","floor":2.0,"turns":6.0},{"damage":3.0,"enemies":"2 Louse","floor":5.0,"turns":2.0},{"damage":41.0,"enemies":"3 Sentries","floor":6.0,"turns":11.0},{"damage":4.0,"enemies":"Lagavulin","floor":8.0,"turns":6.0},{"damage":3.0,"enemies":"Looter","floor":12.0,"turns":3.0},{"damage":20.0,"enemies":"Exordium Wildlife","floor":13.0,"turns":8.0},{"damage":4.0,"enemies":"2 Fungi Beasts","floor":14.0,"turns":5.0},{"damage":32.0,"enemies":"The Guardian","floor":16.0,"turns":12.0},{"damage":4,"enemies":"Spheric Guardian","floor":18,"turns":6},{"damage":9,"enemies":"2 Thieves","floor":22,"turns":4},{"damage":5,"enemies":"Gremlin Leader","floor":24,"turns":6},{"damage":16,"enemies":"Book of Stabbing","floor":27,"turns":7},{"damage":0,"enemies":"Chosen and Byrds","floor":28,"turns":5},{"damage":0,"enemies":"3 Cultists","floor":30,"turns":5},{"damage":0,"enemies":"Snake Plant","floor":31,"turns":5},{"damage":46,"enemies":"Champ","floor":33,"turns":18},{"damage":0,"enemies":"3 Shapes","floor":35,"turns":7},{"damage":0,"enemies":"Orb Walker","floor":36,"turns":4},{"damage":0,"enemies":"Sphere and 2 Shapes","floor":38,"turns":6},{"damage":1,"enemies":"Transient","floor":39,"turns":6},{"damage":0,"enemies":"Jaw Worm Horde","floor":41,"turns":5},{"damage":5,"enemies":"Reptomancer","floor":42,"turns":10},{"damage":36,"enemies":"Nemesis","floor":44,"turns":16},{"damage":2,"enemies":"Writhing Mass","floor":45,"turns":7},{"damage":1,"enemies":"3 Darklings","floor":47,"turns":4},{"damage":0,"enemies":"Sphere and 2 Shapes","floor":48,"turns":4},{"damage":28,"enemies":"Time Eater","floor":50,"turns":17},{"damage":7,"enemies":"Donu and Deca","floor":51,"turns":11},{"damage":28,"enemies":"Shield and Spear","floor":55,"turns":14},{"damage":72,"enemies":"The Heart","floor":56,"turns":11}],"green_key_taken_log":42,"seed_played":"-1945338989674973572","neow_bonus_log":{"cardsObtained":[],"cardsUpgraded":[],"cardsRemoved":[],"cardsTransformed":[],"relicsObtained":[],"maxHpGained":0,"goldGained":100,"damageTaken":0,"goldLost":0,"maxHpLost":0},"potions_obtained":[{"floor":2.0,"key":"FairyPotion"},{"floor":6.0,"key":"Fire Potion"},{"floor":13.0,"key":"SkillPotion"},{"floor":24,"key":"SkillPotion"},{"floor":33,"key":"Dexterity Potion"},{"floor":44,"key":"Fire Potion"},{"floor":45,"key":"Block Potion"},{"floor":47,"key":"Weak Potion"},{"floor":55,"key":"Energy Potion"}],"is_trial":false,"path_per_floor":["M","M","$","?","M","E","R","E","T","R","?","M","M","M","R","B",null,"M","$","?","$","M","R","E","R","T","E","M","?","M","M","R","B",null,"M","M","?","M","M","R","M","E","T","E","M","$","M","M","R","B","B",null,"R","$","E","B"],"character_chosen":"THE_SILENT","basemod:card_modifiers":[null,null,null,null,null,null,null,null,null,null,null,null,null,null,null,null,null,null,null,null,null,null,null,null,null,null,null,null,null,null,null,null,null],"items_purchased":["Apotheosis","Backflip","Concentrate","Toy Ornithopter"],"campfire_rested":7,"item_purchase_floors":[3,21,46,54],"current_hp_per_floor":[52,38,38,54,51,10,10,6,6,40,40,37,17,13,47,15,53,49,49,49,49,40,66,61,61,61,45,45,45,45,45,66,20,55,55,55,45,45,44,66,66,61,61,37,35,35,34,34,66,38,31,57,66,66,43,0],"gold":50,"neow_bonus":"HUNDRED_GOLD","is_prod":false,"is_daily":false,"rewards_skipped":[{"floor":14,"relics":[],"potions":["Poison Potion"]},{"floor":18,"relics":[],"potions":["Weak Potion"]},{"floor":28,"relics":[],"potions":["Energy Potion"]},{"floor":39,"relics":[],"potions":["Block Potion"]},{"floor":41,"relics":[],"potions":["Fire Potion"]}],"chose_seed":false,"campfire_upgraded":1,"win_rate":0,"floor_exit_playtime":[47,95,105,110,130,216,222,280,286,291,298,334,416,478,481,655,686,808,820,825,843,916,919,1060,1067,1073,1265,1370,1390,1511,1652,1657,2096,2156,2286,2377,2415,2596,2692,2697,2853,3207,3212,3500,3789,3805,3939,4086,4116,4468,4842,4855,4859,4892,5313],"timestamp":1744550426,"blue_key_relic_skipped_log":{"floor":43,"relicID":"Akabeko"},"path_taken":["M","M","$","?","M","E","R","E","T","R","?","M","M","M","R","BOSS","M","$","?","$","M","R","E","R","T","E","M","?","M","M","R","BOSS","M","M","?","M","M","R","M","E","T","E","M","$","M","M","R","BOSS","BOSS","R","$","E","BOSS"],"build_version":"2022-12-18","purchased_purges":3,"victory":false,"max_hp_per_floor":[66,66,66,66,66,66,66,66,66,66,66,66,66,66,66,66,66,66,66,66,66,66,66,66,66,66,66,66,66,66,66,66,66,66,66,66,66,66,66,66,66,66,66,66,66,66,66,66,66,66,66,66,66,66,66,66],"relic_stats":{"Regal Pillow":55,"Happy Flower":[68],"counters":[31,235],"Pen Nib":[12],"Art of War":[28],"Question Card":27,"Boot":[4],"obtain_stats":[{"Regal Pillow":9,"Happy Flower":8,"Oddly Smooth Stone":26,"Pen Nib":44,"Paper Crane":42,"Question Card":6,"Boot":55,"Molten Egg 2":27,"Fusion Hammer":17,"Art of War":24,"Toy Ornithopter":54,"Ring of the Snake":0,"Runic Pyramid":34},{"Regal Pillow":5,"Happy Flower":5,"Oddly Smooth Stone":12,"Pen Nib":24,"Paper Crane":23,"Question Card":4,"Boot":30,"Molten Egg 2":13,"Fusion Hammer":9,"Art of War":12,"Toy Ornithopter":29,"Ring of the Snake":0,"Runic Pyramid":17},{"Regal Pillow":29,"Happy Flower":29,"Oddly Smooth Stone":73,"Pen Nib":167,"Paper Crane":151,"Question Card":23,"Boot":224,"Molten Egg 2":80,"Fusion Hammer":57,"Art of War":73,"Toy Ornithopter":210,"Ring of the Snake":0,"Runic Pyramid":113}],"Toy Ornithopter":15,"Ring of the Snake":[62]},"card_choices":[{"not_picked":["Prepared","PiercingWail","Well Laid Plans"],"picked":"SKIP","floor":1.0},{"not_picked":["Cloak And Dagger","Slice"],"picked":"Dash","floor":2.0},{"not_picked":["Quick Slash","Deadly Poison"],"picked":"Eviscerate","floor":5.0},{"not_picked":["Prepared","Deflect"],"picked":"Acrobatics","floor":6.0},{"not_picked":["Predator","PiercingWail","Flying Knee"],"picked":"Wraith Form v2","floor":8.0},{"not_picked":["Skewer","Blade Dance","Riddle With Holes"],"picked":"Crippling Poison","floor":12.0},{"not_picked":["Sucker Punch","Deadly Poison","Dodge and Roll"],"picked":"Well Laid Plans","floor":13.0},{"not_picked":["Slice","Poisoned Stab","Deflect"],"picked":"Prepared","floor":14.0},{"not_picked":["Doppelganger","Corpse Explosion","Malaise"],"picked":"Venomology","floor":16.0},{"not_picked":["Bouncing Flask","Prepared","Dagger Spray","PiercingWail"],"picked":"SKIP","floor":18},{"not_picked":["Dagger Spray","Heel Hook","Flying Knee","Distraction"],"picked":"SKIP","floor":22},{"not_picked":["Corpse Explosion","Heel Hook+1","Deadly Poison"],"picked":"Tools of the Trade","floor":24},{"not_picked":["Dagger Spray+1","Poisoned Stab+1","Sucker Punch+1"],"picked":"Calculated Gamble","floor":27},{"not_picked":["Riddle With Holes+1","Sucker Punch+1","Deflect","Slice+1"],"picked":"SKIP","floor":28},{"not_picked":["Bane+1","Caltrops","Outmaneuver","Skewer+1","Deflect","Endless Agony+1","Crippling Poison","Expertise","Backstab+1","Acrobatics","Poisoned Stab+1","Backflip","Sucker Punch+1","Masterful Stab+1","Blade Dance","Cloak And Dagger","Predator+1","Leg Sweep","Flying Knee+1"],"picked":"Concentrate","floor":29},{"not_picked":["Deflect","Doppelganger","Flying Knee+1"],"picked":"Backflip","floor":30},{"not_picked":["Accuracy","Sucker Punch+1","Dagger Spray+1"],"picked":"PiercingWail","floor":31},{"not_picked":["Wraith Form v2","Corpse Explosion","Malaise"],"picked":"Night Terror","floor":33},{"not_picked":["Underhanded Strike+1","Flechettes+1","Poisoned Stab+1"],"picked":"Acrobatics","floor":35},{"not_picked":["Catalyst","Endless Agony+1","Bouncing Flask+1","Caltrops+1"],"picked":"SKIP","floor":36},{"not_picked":["Chrysalis","Dark Shackles","Apotheosis"],"picked":"Master of Strategy","floor":37},{"not_picked":["Forethought","Trip","Thinking Ahead"],"picked":"Enlightenment","floor":37},{"not_picked":["Impatience","Madness","Flash of Steel+1","The Bomb"],"picked":"SKIP","floor":37},{"not_picked":["Poisoned Stab+1","Acrobatics","PiercingWail+1","Quick Slash+1"],"picked":"SKIP","floor":38},{"not_picked":["Poisoned Stab+1","Acrobatics","PiercingWail+1","Quick Slash+1"],"picked":"SKIP","floor":38},{"not_picked":["Dagger Spray+1","Caltrops+1","Bane+1","Blade Dance"],"picked":"SKIP","floor":39},{"not_picked":["PiercingWail","Deadly Poison+1","Deflect+1"],"picked":"Burst","floor":41},{"not_picked":["Outmaneuver","Blur","Prepared","Catalyst+1"],"picked":"SKIP","floor":42},{"not_picked":["Poisoned Stab+1","Cloak And Dagger","Outmaneuver"],"picked":"Tactician+1","floor":44},{"not_picked":["Dagger Throw+1","Backflip","Underhanded Strike+1"],"picked":"Eviscerate+1","floor":45},{"not_picked":["Bane+1","Accuracy","Dagger Throw+1","Deadly Poison+1"],"picked":"SKIP","floor":47},{"not_picked":["Setup","Bane+1","Quick Slash+1","Distraction"],"picked":"SKIP","floor":48},{"not_picked":["Bane+1","PiercingWail","Prepared"],"picked":"Calculated Gamble+1","floor":55}],"player_experience":1024998,"relics_obtained":[{"floor":6.0,"key":"Question Card"},{"floor":8.0,"key":"Happy Flower"},{"floor":9.0,"key":"Regal Pillow"},{"floor":24,"key":"Art of War"},{"floor":26,"key":"Oddly Smooth Stone"},{"floor":27,"key":"Molten Egg 2"},{"floor":42,"key":"Paper Crane"},{"floor":44,"key":"Pen Nib"},{"floor":55,"key":"Boot"}],"event_choices":[{"damage_healed":16.0,"max_hp_gain":0.0,"max_hp_loss":0.0,"gold_gain":0.0,"event_name":"The Cleric","player_choice":"Healed","floor":4.0,"gold_loss":35.0,"damage_taken":0.0},{"damage_healed":0.0,"max_hp_gain":0.0,"max_hp_loss":0.0,"gold_gain":0.0,"cards_transformed":["Strike_G"],"event_name":"Living Wall","player_choice":"Change","floor":11.0,"gold_loss":0.0,"damage_taken":0.0,"cards_obtained":["Doppelganger"]},{"cards_removed":["Strike_G"],"damage_healed":0,"gold_gain":0,"player_choice":"Gave Gold","damage_taken":0,"max_hp_gain":0,"max_hp_loss":0,"event_name":"Beggar","floor":20,"gold_loss":75},{"damage_healed":0,"gold_gain":0,"player_choice":"Read","damage_taken":0,"max_hp_gain":0,"max_hp_loss":0,"event_name":"The Library","floor":29,"gold_loss":0,"cards_obtained":["Concentrate"]},{"damage_healed":0,"gold_gain":0,"player_choice":"Memory 3","damage_taken":10,"max_hp_gain":0,"max_hp_loss":0,"event_name":"SensoryStone","floor":37,"gold_loss":0}],"is_beta":false,"boss_relics":[{"not_picked":["Empty Cage","Ectoplasm"],"picked":"Fusion Hammer"},{"not_picked":["Sozu","Calling Bell"],"picked":"Runic Pyramid"}],"items_purged_floors":[21,46,54],"is_endless":false,"potions_floor_spawned":[2,6,13,14,18,24,28,33,39,41,44,45,47,55],"killed_by":"The Heart","ascension_level":20,"potion_discard_per_floor":[[],[],[],[],[],[],[],[],[],[],[],[],[],[],[],[],[],[],[],[],[],[],[],[],[],[],[],[],[],[],[],[],[],[],[],[],[],[],[],[],[],[],[],["SmokeBomb"],["ColorlessPotion"],[],["SteroidPotion"],[],[],[],[],[],[],[],["Weak Potion"],[]]}