{"neow_bonuses_skipped_log":["TEN_PERCENT_HP_BONUS"],"neow_costs_skipped_log":["NONE"],"potions_obtained_entropic_brew":[[],[],[],[],[],[],[]],"gold_per_floor":[111,161,161,178,195,195,195],"floor_reached":7,"playtime":131,"items_purged":[],"score":82,"play_id":"aaf0555f-82ef-473e-9b5c-3a84eafb0788","local_time":"20250413134505","score_breakdown":["到達した階層 (7): 35","敵モンスター撃破数 (3): 6","エリート撃破：序章 (0): 0","ボス撃破 (0): 0","アセンション (20): 41"],"is_ascension_mode":true,"potions_obtained_alchemize":[[],[],[],[],[],[],[]],"campfire_choices":[{"data":"Phantasmal Killer","floor":6,"key":"SMITH"}],"lesson_learned_per_floor":[[],[],[],[],[],[],[]],"neow_cost":"NONE","improvable_cards":{},"seed_source_timestamp":121228620521333,"shop_contents":[],"circlet_count":0,"master_deck":["AscendersBane","Strike_G","Strike_G","Strike_G","Strike_G","Defend_G","Defend_G","Defend_G","Defend_G","Defend_G","Survivor","Neutralize","All Out Attack","Phantasmal Killer+1"],"potion_use_per_floor":[[],[],[],[],[],[],[]],"relics":["Ring of the Snake","NeowsBlessing","Bag of Preparation"],"potions_floor_usage":[],"damage_taken":[{"damage":0,"enemies":"Cultist","floor":1,"turns":1},{"damage":0,"enemies":"2 Louse","floor":4,"turns":1},{"damage":0,"enemies":"Jaw Worm","floor":5,"turns":1},{"damage":62,"enemies":"Lagavulin","floor":7,"turns":10}],"seed_played":"-2499111943816594091","neow_bonus_log":{"cardsObtained":[],"cardsUpgraded":[],"cardsRemoved":[],"cardsTransformed":[],"relicsObtained":["NeowsBlessing"],"maxHpGained":0,"goldGained":0,"damageTaken":0,"goldLost":0,"maxHpLost":0},"potions_obtained":[{"floor":5,"key":"BlessingOfTheForge"}],"is_trial":false,"path_per_floor":["M","T","?","M","M","R","E"],"character_chosen":"THE_SILENT","basemod:card_modifiers":[null,null,null,null,null,null,null,null,null,null,null,null,null,null],"items_purchased":[],"campfire_rested":0,"item_purchase_floors":[],"current_hp_per_floor":[59,59,52,52,52,52,0],"gold":195,"neow_bonus":"THREE_ENEMY_KILL","is_prod":false,"is_daily":false,"rewards_skipped":[],"chose_seed":false,"campfire_upgraded":1,"win_rate":0,"floor_exit_playtime":[24,26,33,54,68,79],"timestamp":1744519505,"path_taken":["M","?","?","M","?","R","E"],"build_version":"2022-12-18","purchased_purges":0,"victory":false,"max_hp_per_floor":[66,66,66,66,66,66,66],"relic_stats":{"counters":[4,13],"Bag of Preparation":[6],"obtain_stats":[{"NeowsBlessing":0,"Bag of Preparation":2,"Ring of the Snake":0},{"NeowsBlessing":0,"Bag of Preparation":1,"Ring of the Snake":0},{"NeowsBlessing":0,"Bag of Preparation":1,"Ring of the Snake":0}],"Ring of the Snake":[8]},"card_choices":[{"not_picked":["Dodge and Roll","Distraction","PiercingWail"],"picked":"SKIP","floor":1},{"not_picked":["Finisher","Deadly Poison"],"picked":"All Out Attack","floor":4},{"not_picked":["Deflect","Dagger Spray"],"picked":"Phantasmal Killer","floor":5}],"player_experience":1019162,"relics_obtained":[{"floor":2,"key":"Bag of Preparation"}],"event_choices":[{"cards_removed":["Strike_G"],"damage_healed":0,"gold_gain":0,"player_choice":"Card Removal","damage_taken":7,"max_hp_gain":0,"max_hp_loss":0,"event_name":"Golden Wing","floor":3,"gold_loss":0}],"is_beta":false,"boss_relics":[],"items_purged_floors":[],"is_endless":false,"potions_floor_spawned":[5],"killed_by":"Lagavulin","ascension_level":20,"potion_discard_per_floor":[[],[],[],[],[],[],[]]}