{"neow_bonuses_skipped_log":["TEN_PERCENT_HP_BONUS"],"neow_costs_skipped_log":["NONE"],"potions_obtained_entropic_brew":[[],[],[],[],[],[],[],[],[],[],[],[],[],[],[],[],[],[],[],[],[],[],[],[],[],[],[],[],[],[],[],[],[],[],[],[],[],[],[],[],[],[],[],[],[],[],[],[],[],[],[],[],[],[],[],[],[]],"gold_per_floor":[112,37,187,187,202,202,232,232,232,265,278,312,312,61,61,137,137,157,167,9,26,26,52,67,67,114,131,160,160,185,205,205,282,282,296,131,143,155,173,201,201,247,274,274,292,292,25,59,59,59,59,59,59,5,36,36],"floor_reached":57,"playtime":4478,"items_purged":["Strike_G","Defend_G"],"score":3126,"play_id":"0fa2d67f-24c0-4b09-8b03-bf77d8108c6d","local_time":"20250429194206","falling_options_log":["Die Die Die+1","Wraith Form v2+1"],"score_breakdown":["到達した階層 (57): 285","敵モンスター撃破数 (14): 28","エリート撃破：序章 (3): 30","エリート撃破：シティ (3): 60","エリート撃破：彼方 (2): 60","ボス撃破 (5): 750","チャンピオン (5): 125","パーフェクト (1): 50","オーバーキル: 25","コ・コ・コ・コンボォー！: 25","アセンション (20): 1438","ハートブレイカー: 250"],"is_ascension_mode":true,"potions_obtained_alchemize":[[],[],[],[],[],[],[],[],[],[],[],[],[],[],[],[],[],[],[],[],[],[],[],[],[],[],[],[],[],[],[],[],[],[],[],[],[],[],[],[],[],[],[],[],[],[],[],[],[],[],[],[],[],[],[],[],[]],"campfire_choices":[{"data":"Blade Dance","floor":6.0,"key":"SMITH"},{"data":"Prepared","floor":8.0,"key":"SMITH"},{"data":"Underhanded Strike","floor":13.0,"key":"SMITH"},{"data":"Footwork","floor":15.0,"key":"SMITH"},{"data":"Footwork","floor":25.0,"key":"SMITH"},{"data":"Neutralize","floor":29.0,"key":"SMITH"},{"data":"Well Laid Plans","floor":32.0,"key":"SMITH"},{"data":"A Thousand Cuts","floor":41.0,"key":"SMITH"},{"floor":46.0,"key":"RECALL"},{"floor":49,"key":"REST"},{"data":"After Image","floor":53,"key":"SMITH"}],"lesson_learned_per_floor":[[],[],[],[],[],[],[],[],[],[],[],[],[],[],[],[],[],[],[],[],[],[],[],[],[],[],[],[],[],[],[],[],[],[],[],[],[],[],[],[],[],[],[],[],[],[],[],[],[],[],[],[],[],[],[],[],[]],"neow_cost":"NONE","improvable_cards":{},"seed_source_timestamp":0,"shop_contents":[{"floor":14,"relics":["Ginger","War Paint"],"cards":["Backstab","Heel Hook","Cloak And Dagger+1","Phantasmal Killer+1","Mind Blast","HandOfGreed"],"potions":["Weak Potion","Block Potion","Strength Potion"]},{"floor":20,"relics":["Ancient Tea Set","Regal Pillow","Membership Card"],"cards":["Riddle With Holes","Sucker Punch","Escape Plan+1","Accuracy","Forethought+1","Secret Technique+1"],"potions":["FairyPotion","ColorlessPotion","Strength Potion"]},{"floor":36,"relics":["Bag of Marbles","Art of War"],"cards":["Poisoned Stab","Dagger Throw","Cloak And Dagger+1","Distraction+1","Well Laid Plans","Good Instincts+1","Panache"],"potions":["Block Potion","EssenceOfSteel","SkillPotion"]},{"floor":47,"relics":["Oddly Smooth Stone","Unceasing Top","HandDrill"],"cards":["Finisher","Poisoned Stab","Distraction+1","PiercingWail+1","Dark Shackles+1","Violence+1"],"potions":["DistilledChaos","SpeedPotion","Dexterity Potion"]},{"floor":54,"relics":["Turnip","Pantograph","Sling"],"cards":["Bane","Backstab","Bouncing Flask+1","PiercingWail+1","Well Laid Plans","Trip+1","HandOfGreed"],"potions":["Strength Potion","SpeedPotion"]}],"circlet_count":0,"master_deck":["AscendersBane","Defend_G","Defend_G","Defend_G","Survivor","Neutralize+1","Underhanded Strike+1","Blade Dance+1","Prepared+1","Blade Dance+1","Acrobatics+1","Adrenaline+1","Tactician+1","Adrenaline+1","Footwork+1","PiercingWail+1","Footwork+1","Corpse Explosion+1","Die Die Die+1","Outmaneuver+1","Wraith Form v2+1","Reflex+1","Concentrate+1","Setup+1","Prepared+1","Well Laid Plans+1","A Thousand Cuts+1","Prepared+1","Blur+1","Terror+1","After Image+1","Acrobatics+1"],"special_seed":0,"potion_use_per_floor":[[],[],[],[],[],[],[],[],[],["Poison Potion"],[],[],[],[],[],["PowerPotion"],[],[],[],[],[],[],[],[],[],[],["LiquidMemories"],[],[],["SkillPotion"],[],[],[],[],[],[],[],["SkillPotion"],[],[],[],["Swift Potion"],[],[],[],[],[],["Swift Potion"],[],[],[],[],[],[],[],["Swift Potion"],[]],"relics":["Ring of the Snake","NeowsBlessing","Strawberry","Toxic Egg 2","Vajra","Centennial Puzzle","Orrery","Astrolabe","Tough Bandages","Happy Flower","StoneCalendar","Snake Skull","HoveringKite","Medical Kit","Lantern","Incense Burner","Letter Opener","Sundial"],"potions_floor_usage":[56],"damage_taken":[{"damage":0.0,"enemies":"2 Louse","floor":1.0,"turns":1.0},{"damage":0.0,"enemies":"Small Slimes","floor":5.0,"turns":1.0},{"damage":0.0,"enemies":"Gremlin Nob","floor":7.0,"turns":1.0},{"damage":35.0,"enemies":"Lagavulin","floor":10.0,"turns":9.0},{"damage":0.0,"enemies":"Cultist","floor":11.0,"turns":2.0},{"damage":12.0,"enemies":"3 Sentries","floor":12.0,"turns":6.0},{"damage":4.0,"enemies":"Slime Boss","floor":16.0,"turns":7.0},{"damage":0.0,"enemies":"Chosen","floor":18.0,"turns":3.0},{"damage":7.0,"enemies":"Shell Parasite","floor":19.0,"turns":4.0},{"damage":3.0,"enemies":"3 Cultists","floor":21.0,"turns":3.0},{"damage":0.0,"enemies":"Gremlin Leader","floor":23.0,"turns":6.0},{"damage":0.0,"enemies":"Snake Plant","floor":24.0,"turns":3.0},{"damage":0.0,"enemies":"Cultist and Chosen","floor":27.0,"turns":4.0},{"damage":0.0,"enemies":"Slavers","floor":28.0,"turns":1.0},{"damage":5.0,"enemies":"Book of Stabbing","floor":30.0,"turns":6.0},{"damage":0.0,"enemies":"Centurion and Healer","floor":31.0,"turns":4.0},{"damage":3.0,"enemies":"Champ","floor":33.0,"turns":12.0},{"damage":10.0,"enemies":"3 Shapes","floor":35.0,"turns":4.0},{"damage":12.0,"enemies":"Orb Walker","floor":37.0,"turns":3.0},{"damage":6.0,"enemies":"Transient","floor":38.0,"turns":6.0},{"damage":0.0,"enemies":"4 Shapes","floor":39.0,"turns":4.0},{"damage":9.0,"enemies":"Giant Head","floor":40.0,"turns":7.0},{"damage":0.0,"enemies":"2 Orb Walkers","floor":42.0,"turns":3.0},{"damage":0.0,"enemies":"Jaw Worm Horde","floor":45.0,"turns":2.0},{"damage":0.0,"enemies":"Nemesis","floor":48.0,"turns":5.0},{"damage":40,"enemies":"Donu and Deca","floor":50,"turns":7},{"damage":0,"enemies":"Awakened One","floor":51,"turns":14},{"damage":0,"enemies":"Shield and Spear","floor":55,"turns":6},{"damage":16,"enemies":"The Heart","floor":56,"turns":11}],"green_key_taken_log":30,"seed_played":"7671430249848387689","neow_bonus_log":{"cardsObtained":[],"cardsUpgraded":[],"cardsRemoved":[],"cardsTransformed":[],"relicsObtained":["NeowsBlessing"],"maxHpGained":0,"goldGained":0,"damageTaken":0,"goldLost":0,"maxHpLost":0},"potions_obtained":[{"floor":5.0,"key":"Energy Potion"},{"floor":7.0,"key":"Poison Potion"},{"floor":11.0,"key":"PowerPotion"},{"floor":18.0,"key":"FearPotion"},{"floor":19.0,"key":"LiquidMemories"},{"floor":27.0,"key":"SkillPotion"},{"floor":33.0,"key":"FearPotion"},{"floor":37.0,"key":"SkillPotion"},{"floor":40.0,"key":"Swift Potion"},{"floor":42.0,"key":"FearPotion"},{"floor":45.0,"key":"Swift Potion"},{"floor":48.0,"key":"AttackPotion"}],"is_trial":false,"path_per_floor":["M","?","?","?","M","R","E","R","T","E","M","E","R","$","R","B",null,"M","M","$","M","?","E","M","R","T","M","E","R","E","M","R","B",null,"M","$","M","M","M","E","R","?","T","?","M","R","$","E","R","B","B",null,"R","$","E","B",null],"character_chosen":"THE_SILENT","basemod:card_modifiers":[null,null,null,null,null,null,null,null,null,null,null,null,null,null,null,null,null,null,null,null,null,null,null,null,null,null,null,null,null,null,null,null],"items_purchased":["Orrery","Footwork","Reflex+1","Medical Kit","After Image","Swift Potion"],"campfire_rested":1,"item_purchase_floors":[14,14,20,36,47,54],"current_hp_per_floor":[59,59,59,59,59,59,66,66,66,31,31,19,19,19,19,15,59,59,52,52,49,49,49,49,49,49,49,49,49,44,44,44,41,65,55,55,43,37,37,28,28,28,28,28,28,28,28,28,49,9,9,57,57,57,57,41],"gold":36,"neow_bonus":"THREE_ENEMY_KILL","is_prod":false,"is_daily":false,"rewards_skipped":[{"floor":12,"relics":[],"potions":["LiquidMemories"]},{"floor":21,"relics":[],"potions":["Block Potion"]},{"floor":28,"relics":[],"potions":["SmokeBomb"]},{"floor":55,"relics":[],"potions":["Explosive Potion"]}],"chose_seed":false,"campfire_upgraded":9,"win_rate":0,"floor_exit_playtime":[17,23,26,29,43,51,62,72,75,164,184,265,272,326,337,553,617,678,783,799,849,869,1014,1102,1109,1112,1203,1270,1282,1430,1515,1523,1845,1876,1970,1983,2044,2211,2305,2514,2527,2643,2649,2676,2749,2758,2779,2915,2925,3145,3649,3662,3678,3731,4023,4478],"timestamp":1745923326,"blue_key_relic_skipped_log":{"floor":43,"relicID":"MealTicket"},"path_taken":["M","?","?","?","?","R","E","R","T","E","M","E","R","$","R","BOSS","M","M","$","M","?","E","M","R","T","M","E","R","E","M","R","BOSS","M","$","M","?","M","E","R","?","T","?","M","R","$","E","R","BOSS","BOSS","R","$","E","BOSS"],"build_version":"2022-12-18","purchased_purges":2,"victory":true,"max_hp_per_floor":[66,66,66,66,66,66,73,73,73,73,73,73,73,73,73,73,73,73,73,73,73,73,73,73,73,73,73,73,73,73,73,73,73,73,73,73,73,73,73,73,73,73,73,73,73,73,73,73,73,73,73,73,73,73,73,73],"relic_stats":{"Happy Flower":[33],"counters":[29,145],"Astrolabe":["Die Die Die","Outmaneuver","Wraith Form v2"],"HoveringKite":[51],"StoneCalendar":[248],"Snake Skull":[23],"Letter Opener":[381],"Medical Kit":[13],"Centennial Puzzle":[33],"Tough Bandages":[1023],"Sundial":[4],"obtain_stats":[{"Lantern":40,"NeowsBlessing":0,"Happy Flower":26,"Astrolabe":17,"Vajra":10,"HoveringKite":34,"StoneCalendar":28,"Snake Skull":30,"Incense Burner":42,"Letter Opener":48,"Medical Kit":36,"Centennial Puzzle":12,"Tough Bandages":23,"Sundial":55,"Strawberry":7,"Orrery":14,"Toxic Egg 2":9,"Ring of the Snake":0},{"Lantern":22,"NeowsBlessing":0,"Happy Flower":12,"Astrolabe":7,"Vajra":4,"HoveringKite":17,"StoneCalendar":14,"Snake Skull":15,"Incense Burner":23,"Letter Opener":25,"Medical Kit":18,"Centennial Puzzle":6,"Tough Bandages":11,"Sundial":28,"Strawberry":3,"Orrery":6,"Toxic Egg 2":3,"Ring of the Snake":0},{"Lantern":97,"NeowsBlessing":0,"Happy Flower":46,"Astrolabe":27,"Vajra":12,"HoveringKite":73,"StoneCalendar":51,"Snake Skull":57,"Incense Burner":100,"Letter Opener":107,"Medical Kit":77,"Centennial Puzzle":20,"Tough Bandages":43,"Sundial":134,"Strawberry":3,"Orrery":20,"Toxic Egg 2":3,"Ring of the Snake":0}],"Ring of the Snake":[58]},"card_choices":[{"not_picked":["Sucker Punch","PiercingWail"],"picked":"Underhanded Strike","floor":1.0},{"not_picked":["Flying Knee","Choke"],"picked":"Blade Dance","floor":5.0},{"not_picked":["Riddle With Holes","Blade Dance"],"picked":"Prepared","floor":7.0},{"not_picked":["Prepared+1","Expertise+1"],"picked":"Blade Dance+1","floor":10.0},{"not_picked":["Backflip+1","All Out Attack"],"picked":"Acrobatics+1","floor":11.0},{"not_picked":["Setup+1","Quick Slash"],"picked":"Adrenaline+1","floor":12.0},{"not_picked":["Deadly Poison+1","Deflect+1"],"picked":"Tactician+1","floor":14.0},{"not_picked":["Outmaneuver+1","Skewer"],"picked":"Adrenaline+1","floor":14.0},{"not_picked":["Cloak And Dagger+1","Blade Dance+1"],"picked":"Footwork","floor":14.0},{"not_picked":["Masterful Stab","Poisoned Stab"],"picked":"PiercingWail+1","floor":14.0},{"not_picked":["Bouncing Flask+1","Predator"],"picked":"Deflect+1","floor":14.0},{"not_picked":["Storm of Steel+1","Die Die Die"],"picked":"Corpse Explosion+1","floor":16.0},{"not_picked":["Expertise+1","Predator","Flying Knee+1"],"picked":"SKIP","floor":18.0},{"not_picked":["Noxious Fumes","Outmaneuver+1","Dagger Spray"],"picked":"SKIP","floor":19.0},{"not_picked":["Dagger Throw","Prepared+1"],"picked":"Concentrate+1","floor":21.0},{"not_picked":["Masterful Stab+1","Poisoned Stab+1","Corpse Explosion+1"],"picked":"SKIP","floor":23.0},{"not_picked":["Sucker Punch","Dagger Throw"],"picked":"Setup+1","floor":24.0},{"not_picked":["Sucker Punch","Heel Hook"],"picked":"Prepared+1","floor":27.0},{"not_picked":["Sucker Punch","Slice","Noxious Fumes"],"picked":"SKIP","floor":28.0},{"not_picked":["Storm of Steel+1","Adrenaline+1"],"picked":"Well Laid Plans","floor":30.0},{"not_picked":["Dagger Throw","Deadly Poison+1","Expertise+1"],"picked":"SKIP","floor":31.0},{"not_picked":["Unload","Grand Finale"],"picked":"A Thousand Cuts","floor":33.0},{"not_picked":["Quick Slash","Infinite Blades","Concentrate+1"],"picked":"SKIP","floor":35.0},{"not_picked":["Sucker Punch+1","Blade Dance+1","Flying Knee+1"],"picked":"SKIP","floor":37.0},{"not_picked":["Deadly Poison+1","Finisher+1"],"picked":"Prepared+1","floor":38.0},{"not_picked":["Finisher+1","Corpse Explosion+1"],"picked":"Blur+1","floor":39.0},{"not_picked":["Outmaneuver+1","Dagger Throw"],"picked":"Terror+1","floor":40.0},{"not_picked":["Poisoned Stab+1","Outmaneuver+1","Distraction+1"],"picked":"SKIP","floor":42.0},{"not_picked":["Deflect+1","Dagger Spray","Quick Slash"],"picked":"SKIP","floor":45.0},{"not_picked":["Doppelganger+1","Poisoned Stab"],"picked":"Acrobatics+1","floor":48.0},{"not_picked":["Cloak And Dagger+1","PiercingWail+1","Flechettes"],"picked":"SKIP","floor":55}],"player_experience":1058574,"relics_obtained":[{"floor":7.0,"key":"Strawberry"},{"floor":9.0,"key":"Toxic Egg 2"},{"floor":10.0,"key":"Vajra"},{"floor":12.0,"key":"Centennial Puzzle"},{"floor":23.0,"key":"Tough Bandages"},{"floor":26.0,"key":"Happy Flower"},{"floor":28.0,"key":"StoneCalendar"},{"floor":30.0,"key":"Snake Skull"},{"floor":40.0,"key":"Lantern"},{"floor":42.0,"key":"Incense Burner"},{"floor":48.0,"key":"Letter Opener"},{"floor":55,"key":"Sundial"}],"event_choices":[{"cards_removed":["Strike_G"],"damage_healed":0.0,"max_hp_gain":0.0,"max_hp_loss":0.0,"gold_gain":0.0,"event_name":"The Cleric","player_choice":"Card Removal","floor":2.0,"gold_loss":75.0,"damage_taken":0.0},{"damage_healed":0.0,"max_hp_gain":0.0,"max_hp_loss":0.0,"gold_gain":150.0,"event_name":"Liars Game","player_choice":"AGREE","floor":3.0,"gold_loss":0.0,"damage_taken":0.0,"cards_obtained":["Doubt"]},{"cards_removed":["Doubt"],"damage_healed":0.0,"max_hp_gain":0.0,"max_hp_loss":0.0,"gold_gain":0.0,"event_name":"Fountain of Cleansing","player_choice":"Removed Curses","floor":4.0,"gold_loss":0.0,"damage_taken":0.0},{"cards_removed":["Defend_G"],"damage_healed":0.0,"max_hp_gain":0.0,"max_hp_loss":0.0,"gold_gain":0.0,"event_name":"Purifier","player_choice":"Purged","floor":22.0,"gold_loss":0.0,"damage_taken":0.0},{"damage_healed":0.0,"max_hp_gain":0.0,"max_hp_loss":0.0,"gold_gain":0.0,"event_name":"Mysterious Sphere","player_choice":"Fight","floor":42.0,"gold_loss":0.0,"damage_taken":0.0},{"cards_removed":["Deflect"],"damage_healed":0.0,"max_hp_gain":0.0,"max_hp_loss":0.0,"gold_gain":0.0,"event_name":"Falling","player_choice":"Removed Skill","floor":44.0,"gold_loss":0.0,"damage_taken":0.0}],"is_beta":false,"boss_relics":[{"not_picked":["Black Star","Snecko Eye"],"picked":"Astrolabe"},{"not_picked":["Philosopher\u0027s Stone","Runic Dome"],"picked":"HoveringKite"}],"items_purged_floors":[20,47],"is_endless":false,"potions_floor_spawned":[5,7,11,12,18,19,21,27,28,33,37,40,42,45,48,55],"ascension_level":20,"potion_discard_per_floor":[[],[],[],[],[],[],[],[],[],[],[],[],[],[],[],[],[],[],["Energy Potion"],[],[],[],[],[],[],[],[],[],[],[],[],[],[],[],[],[],["FearPotion"],[],[],[],[],[],[],[],["FearPotion"],[],[],[],[],[],[],[],[],["AttackPotion"],[],[],[]]}