{"neow_bonuses_skipped_log":["THREE_CARDS","ONE_RARE_RELIC","BOSS_RELIC"],"neow_costs_skipped_log":["NONE","NO_GOLD","NONE"],"potions_obtained_entropic_brew":[[],[],[],[],[],[],[],[],[],[],[],[],[],[],[],[],[],[],[],[],[],[],[],[],[],[],[],[],[],[],[],[],[],[],[],[],[],[],[],[],[],[],[],[],[],[],[],[],[],[],[],[],[],[],[],[],[]],"gold_per_floor":[115,71,71,98,109,143,143,173,173,173,198,224,224,268,268,351,378,397,322,362,199,218,218,218,256,256,297,297,309,309,141,141,229,229,242,276,288,93,93,128,128,155,155,166,196,196,207,257,257,257,257,257,257,132,167,167],"floor_reached":57,"playtime":3176,"items_purged":["Strike_G","Defend_G","Skewer+1"],"score":3128,"play_id":"4eee4d06-d4fe-4425-9864-6610404be8ea","local_time":"20250506153401","score_breakdown":["到達した階層 (57): 285","敵モンスター撃破数 (12): 24","エリート撃破：序章 (3): 30","エリート撃破：シティ (2): 40","エリート撃破：彼方 (2): 60","ボス撃破 (5): 750","スピードスター: 25","収集家 (1): 25","チャンピオン (6): 150","パーフェクト (1): 50","オーバーキル: 25","アセンション (20): 1414","ハートブレイカー: 250"],"is_ascension_mode":true,"potions_obtained_alchemize":[[],[],[],[],[],[],[],[],[],[],[],[],[],[],[],[],[],[],[],[],[],[],[],[],[],[],[],[],[],[],[],[],[],[],[],[],[],[],[],[],[],[],[],[],[],[],[],[],[],[],[],[],[],[],[],[],[]],"campfire_choices":[{"data":"Catalyst","floor":7,"key":"SMITH"},{"data":"Catalyst","floor":10,"key":"SMITH"},{"data":"Crippling Poison","floor":15,"key":"SMITH"},{"data":"Acrobatics","floor":23,"key":"SMITH"},{"floor":28,"key":"REST"},{"data":"Acrobatics","floor":30,"key":"SMITH"},{"data":"Prepared","floor":32,"key":"SMITH"},{"floor":41,"key":"RECALL"},{"floor":46,"key":"REST"},{"floor":49,"key":"REST"},{"floor":53,"key":"REST"}],"lesson_learned_per_floor":[[],[],[],[],[],[],[],[],[],[],[],[],[],[],[],[],[],[],[],[],[],[],[],[],[],[],[],[],[],[],[],[],[],[],[],[],[],[],[],[],[],[],[],[],[],[],[],[],[],[],[],[],[],[],[],[],[]],"neow_cost":"NONE","improvable_cards":{},"seed_source_timestamp":663725674466209,"shop_contents":[{"floor":2,"relics":["Eternal Feather","Nunchaku","Medical Kit"],"cards":["Flying Knee","Poisoned Stab","Leg Sweep","Accuracy","Dark Shackles","Chrysalis"],"potions":["Energy Potion","FearPotion","Ancient Potion"]},{"floor":21,"relics":["Meat on the Bone","InkBottle","ClockworkSouvenir"],"cards":["Flying Knee","Skewer","Infinite Blades+1","Discovery","Master of Strategy"],"potions":["DistilledChaos","Energy Potion","GhostInAJar"]},{"floor":31,"relics":["Centennial Puzzle","Vajra","HandDrill"],"cards":["Eviscerate","Quick Slash","PiercingWail+1","Acrobatics+1","Dark Shackles+1","Violence+1"],"potions":["Block Potion","Fruit Juice","LiquidBronze"]},{"floor":38,"relics":["Paper Crane","Whetstone"],"cards":["Slice","Glass Knife","Blade Dance+1","Crippling Poison+1","Forethought+1","HandOfGreed"],"potions":["ColorlessPotion","AttackPotion","CunningPotion"]},{"floor":54,"relics":["Happy Flower","Gremlin Horn","Toolbox"],"cards":["Choke","Poisoned Stab","Corpse Explosion+1","Crippling Poison+1","Accuracy+1","Swift Strike","Transmutation+1"],"potions":["Block Potion","DuplicationPotion","Swift Potion"]}],"circlet_count":0,"master_deck":["AscendersBane","Defend_G","Defend_G","Defend_G","Defend_G","Survivor","Neutralize","Crippling Poison+1","Catalyst+1","Catalyst+1","Caltrops+1","Envenom+1","Envenom+1","After Image+1","Burst+1","Tactician+1","Bouncing Flask+1","Acrobatics+1","Acrobatics+1","Prepared+1","Escape Plan","Outmaneuver+1","Blur+1","Well Laid Plans+1","Wraith Form v2+1","Acrobatics+1","Wraith Form v2+1","Well Laid Plans+1","Escape Plan+1","Reflex+1","Acrobatics+1"],"potion_use_per_floor":[[],[],[],[],[],[],[],[],[],[],[],[],[],["DistilledChaos"],[],[],[],[],[],["AttackPotion"],[],[],[],[],[],[],[],[],[],[],[],[],[],[],[],[],[],[],[],[],[],[],[],[],[],[],[],[],[],[],[],[],[],[],[],["GhostInAJar","GhostInAJar"],[]],"relics":["Ring of the Snake","NeowsBlessing","Bronze Scales","CeramicFish","HornCleat","Frozen Egg 2","Pear","Pantograph","Astrolabe","Red Mask","Toxic Egg 2","Art of War","HoveringKite","The Specimen","DollysMirror","Blue Candle","Oddly Smooth Stone","Gambling Chip","Toy Ornithopter"],"potions_floor_usage":[14,20,56,56],"damage_taken":[{"damage":0,"enemies":"Jaw Worm","floor":1,"turns":1},{"damage":0,"enemies":"Cultist","floor":5,"turns":1},{"damage":0,"enemies":"3 Sentries","floor":6,"turns":2},{"damage":15,"enemies":"Lagavulin","floor":8,"turns":4},{"damage":1,"enemies":"Small Slimes","floor":11,"turns":3},{"damage":3,"enemies":"2 Fungi Beasts","floor":12,"turns":3},{"damage":0,"enemies":"Gremlin Nob","floor":14,"turns":3},{"damage":11,"enemies":"Hexaghost","floor":16,"turns":7},{"damage":0,"enemies":"Chosen","floor":18,"turns":3},{"damage":33,"enemies":"Masked Bandits","floor":20,"turns":4},{"damage":0,"enemies":"Spheric Guardian","floor":22,"turns":2},{"damage":0,"enemies":"Gremlin Leader","floor":25,"turns":4},{"damage":11,"enemies":"Book of Stabbing","floor":27,"turns":3},{"damage":0,"enemies":"Centurion and Healer","floor":29,"turns":6},{"damage":0,"enemies":"Champ","floor":33,"turns":4},{"damage":0,"enemies":"Orb Walker","floor":35,"turns":4},{"damage":0,"enemies":"Mind Bloom Boss Battle","floor":36,"turns":3},{"damage":14,"enemies":"3 Darklings","floor":37,"turns":5},{"damage":0,"enemies":"Nemesis","floor":40,"turns":5},{"damage":54,"enemies":"4 Shapes","floor":42,"turns":9},{"damage":0,"enemies":"Transient","floor":44,"turns":4},{"damage":0,"enemies":"Reptomancer","floor":45,"turns":4},{"damage":9,"enemies":"3 Darklings","floor":47,"turns":6},{"damage":32,"enemies":"Time Eater","floor":50,"turns":8},{"damage":8,"enemies":"Donu and Deca","floor":51,"turns":6},{"damage":0,"enemies":"Shield and Spear","floor":55,"turns":8},{"damage":24,"enemies":"The Heart","floor":56,"turns":7}],"green_key_taken_log":6,"seed_played":"-2319008860906428026","neow_bonus_log":{"cardsObtained":[],"cardsUpgraded":[],"cardsRemoved":[],"cardsTransformed":[],"relicsObtained":["NeowsBlessing"],"maxHpGained":0,"goldGained":0,"damageTaken":0,"goldLost":0,"maxHpLost":0},"potions_obtained":[{"floor":6,"key":"DistilledChaos"},{"floor":12,"key":"AttackPotion"},{"floor":14,"key":"GhostInAJar"},{"floor":25,"key":"PowerPotion"},{"floor":39,"key":"GhostInAJar"}],"is_trial":false,"path_per_floor":["M","$","?","T","M","E","R","E","T","R","M","M","?","E","R","B",null,"M","?","?","$","M","R","?","E","T","E","R","M","R","$","R","B",null,"M","?","M","$","?","E","R","M","T","M","E","R","M","?","R","B","B",null,"R","$","E","B",null],"character_chosen":"THE_SILENT","basemod:card_modifiers":[null,null,null,null,null,null,null,null,null,null,null,null,null,null,null,null,null,null,null,null,null,null,null,null,null,null,null,null,null,null,null],"items_purchased":["Crippling Poison","Acrobatics","Prepared","Well Laid Plans+1","DollysMirror","Well Laid Plans+1"],"campfire_rested":4,"item_purchase_floors":[2,21,21,31,38,38],"current_hp_per_floor":[59,59,59,59,59,59,59,44,44,44,43,40,45,45,45,59,72,72,72,39,39,39,39,17,17,17,6,30,30,30,30,30,55,75,75,81,67,67,67,67,67,13,13,13,13,37,28,28,52,45,62,76,81,81,81,65],"gold":167,"neow_bonus":"THREE_ENEMY_KILL","is_prod":false,"is_daily":false,"rewards_skipped":[{"floor":33,"relics":[],"potions":["Poison Potion"]},{"floor":36,"relics":[],"potions":["Fire Potion"]},{"floor":37,"relics":[],"potions":["SkillPotion"]},{"floor":39,"relics":[],"potions":["CultistPotion"]},{"floor":40,"relics":[],"potions":["Block Potion"]},{"floor":42,"relics":[],"potions":["Fire Potion"]},{"floor":47,"relics":[],"potions":["Swift Potion"]}],"chose_seed":false,"campfire_upgraded":6,"win_rate":0,"floor_exit_playtime":[18,36,44,46,70,92,104,139,143,153,194,230,235,290,296,354,389,444,449,530,579,628,641,649,742,749,844,854,1014,1022,1058,1065,1189,1263,1336,1416,1551,1581,1592,1713,1724,1906,1915,2018,2143,2147,2327,2331,2342,2531,2710,2722,2746,2782,2986,3176],"timestamp":1746513241,"blue_key_relic_skipped_log":{"floor":26,"relicID":"Boot"},"path_taken":["M","$","?","?","?","E","R","E","T","R","M","M","?","E","R","BOSS","M","?","?","$","M","R","?","E","T","E","R","?","R","?","R","BOSS","M","?","M","$","?","E","R","M","T","?","E","R","M","?","R","BOSS","BOSS","R","$","E","BOSS"],"build_version":"2022-12-18","purchased_purges":3,"victory":true,"max_hp_per_floor":[66,66,66,66,66,66,66,66,66,66,66,66,76,76,76,76,76,76,76,76,76,76,76,81,81,81,81,81,81,81,81,81,81,81,81,81,81,81,81,81,81,81,81,81,81,81,81,81,81,81,81,81,81,81,81,81],"relic_stats":{"The Specimen":[323],"counters":[27,119],"CeramicFish":198,"Astrolabe":["Burst","Tactician","Bouncing Flask"],"Blue Candle":[1],"HoveringKite":[42],"Bronze Scales":[432],"Pantograph":106,"Gambling Chip":[16],"Art of War":[59],"obtain_stats":[{"Pear":13,"NeowsBlessing":0,"The Specimen":36,"CeramicFish":6,"Astrolabe":17,"Blue Candle":40,"HoveringKite":34,"Oddly Smooth Stone":43,"Frozen Egg 2":9,"HornCleat":8,"DollysMirror":38,"Bronze Scales":4,"Pantograph":14,"Gambling Chip":45,"Red Mask":20,"Art of War":27,"Toxic Egg 2":25,"Toy Ornithopter":55,"Ring of the Snake":0},{"Pear":6,"NeowsBlessing":0,"The Specimen":17,"CeramicFish":3,"Astrolabe":8,"Blue Candle":19,"HoveringKite":15,"Oddly Smooth Stone":20,"Frozen Egg 2":4,"HornCleat":4,"DollysMirror":18,"Bronze Scales":1,"Pantograph":7,"Gambling Chip":22,"Red Mask":10,"Art of War":13,"Toxic Egg 2":12,"Toy Ornithopter":26,"Ring of the Snake":0},{"Pear":14,"NeowsBlessing":0,"The Specimen":57,"CeramicFish":4,"Astrolabe":24,"Blue Candle":67,"HoveringKite":50,"Oddly Smooth Stone":76,"Frozen Egg 2":8,"HornCleat":8,"DollysMirror":62,"Bronze Scales":1,"Pantograph":17,"Gambling Chip":84,"Red Mask":31,"Art of War":40,"Toxic Egg 2":37,"Toy Ornithopter":112,"Ring of the Snake":0}],"Toy Ornithopter":8,"Ring of the Snake":[54]},"card_choices":[{"not_picked":["Dodge and Roll","Choke"],"picked":"Skewer","floor":1},{"not_picked":["Cloak And Dagger","Quick Slash"],"picked":"Catalyst","floor":5},{"not_picked":["Noxious Fumes","Blade Dance"],"picked":"Catalyst","floor":6},{"not_picked":["Infinite Blades","Cloak And Dagger","Slice"],"picked":"SKIP","floor":8},{"not_picked":["Sucker Punch","Underhanded Strike"],"picked":"Caltrops+1","floor":11},{"not_picked":["Underhanded Strike","Dodge and Roll"],"picked":"Envenom+1","floor":12},{"not_picked":["Dagger Throw","Acrobatics"],"picked":"Envenom+1","floor":14},{"not_picked":["Storm of Steel","Unload"],"picked":"After Image+1","floor":16},{"not_picked":["Sucker Punch","Noxious Fumes+1","Poisoned Stab"],"picked":"SKIP","floor":18},{"not_picked":["Quick Slash","Poisoned Stab"],"picked":"Acrobatics","floor":20},{"not_picked":["Masterful Stab","Dash"],"picked":"Escape Plan","floor":22},{"not_picked":["Heel Hook","Cloak And Dagger+1"],"picked":"Outmaneuver+1","floor":25},{"not_picked":["Dagger Throw","Eviscerate"],"picked":"Blur+1","floor":27},{"not_picked":["Heel Hook","Grand Finale","Outmaneuver+1"],"picked":"SKIP","floor":29},{"not_picked":["Phantasmal Killer+1","Bullet Time+1"],"picked":"Wraith Form v2+1","floor":33},{"not_picked":["Dagger Spray","Blade Dance+1","Cloak And Dagger+1"],"picked":"SKIP","floor":35},{"not_picked":["Quick Slash+1","Riddle With Holes"],"picked":"Acrobatics+1","floor":36},{"not_picked":["Deadly Poison+1","Quick Slash+1","Noxious Fumes+1"],"picked":"SKIP","floor":37},{"not_picked":["Skewer","Doppelganger+1"],"picked":"Escape Plan+1","floor":40},{"not_picked":["Bane","Dagger Throw"],"picked":"Reflex+1","floor":42},{"not_picked":["Caltrops+1","Backstab","Choke"],"picked":"SKIP","floor":44},{"not_picked":["Accuracy+1","Bane","Die Die Die"],"picked":"SKIP","floor":45},{"not_picked":["Backstab","Deadly Poison+1","Quick Slash+1"],"picked":"SKIP","floor":47},{"not_picked":["All Out Attack+1","Sucker Punch"],"picked":"Acrobatics+1","floor":55}],"player_experience":1063749,"relics_obtained":[{"floor":4,"key":"Bronze Scales"},{"floor":6,"key":"CeramicFish"},{"floor":8,"key":"HornCleat"},{"floor":9,"key":"Frozen Egg 2"},{"floor":14,"key":"Pantograph"},{"floor":20,"key":"Red Mask"},{"floor":25,"key":"Toxic Egg 2"},{"floor":27,"key":"Art of War"},{"floor":36,"key":"The Specimen"},{"floor":40,"key":"Blue Candle"},{"floor":43,"key":"Oddly Smooth Stone"},{"floor":45,"key":"Gambling Chip"},{"floor":55,"key":"Toy Ornithopter"}],"event_choices":[{"damage_healed":0,"gold_gain":0,"player_choice":"Grow","damage_taken":0,"max_hp_gain":0,"max_hp_loss":0,"event_name":"Living Wall","floor":3,"gold_loss":0,"cards_upgraded":["Skewer"]},{"damage_healed":0,"gold_gain":0,"player_choice":"Success","damage_taken":5,"relics_obtained":["Pear"],"max_hp_gain":0,"max_hp_loss":0,"event_name":"Scrap Ooze","floor":13,"gold_loss":0},{"cards_removed":["Strike_G"],"damage_healed":0,"gold_gain":0,"player_choice":"Gave Gold","damage_taken":0,"max_hp_gain":0,"max_hp_loss":0,"event_name":"Beggar","floor":19,"gold_loss":75},{"damage_healed":0,"gold_gain":0,"player_choice":"Fought Bandits","damage_taken":0,"max_hp_gain":0,"max_hp_loss":0,"event_name":"Masked Bandits","floor":20,"gold_loss":0},{"damage_healed":0,"gold_gain":0,"player_choice":"Shed Blood","damage_taken":27,"max_hp_gain":5,"max_hp_loss":0,"event_name":"Forgotten Altar","floor":24,"gold_loss":0},{"damage_healed":0,"gold_gain":0,"player_choice":"Fight","damage_taken":0,"max_hp_gain":0,"max_hp_loss":0,"event_name":"MindBloom","floor":36,"gold_loss":0},{"damage_healed":0,"gold_gain":0,"player_choice":"Got Potions","damage_taken":0,"max_hp_gain":0,"max_hp_loss":0,"event_name":"Lab","floor":39,"gold_loss":0},{"damage_healed":0,"gold_gain":50,"player_choice":"Pray","damage_taken":0,"max_hp_gain":0,"max_hp_loss":0,"event_name":"Golden Shrine","floor":48,"gold_loss":0}],"is_beta":false,"boss_relics":[{"not_picked":["Empty Cage","Busted Crown"],"picked":"Astrolabe"},{"not_picked":["Runic Pyramid","Black Star"],"picked":"HoveringKite"}],"items_purged_floors":[21,31,54],"is_endless":false,"potions_floor_spawned":[6,12,14,25,33,36,37,40,42,47],"ascension_level":20,"potion_discard_per_floor":[[],[],[],[],[],[],[],[],[],[],[],[],[],[],[],[],[],[],[],[],[],[],[],[],[],[],[],[],[],[],[],[],[],[],[],[],[],[],["PowerPotion"],[],[],[],[],[],[],[],[],[],[],[],[],[],[],[],[],[],[]]}