{"neow_bonuses_skipped_log":["RANDOM_COLORLESS","HUNDRED_GOLD","BOSS_RELIC"],"neow_costs_skipped_log":["NONE","NONE","NONE"],"potions_obtained_entropic_brew":[[],[],[],[],[],[],[],[],[],[],[],[],[],[],[],[]],"gold_per_floor":[19,35,52,52,63,63,28,54,54,379,396,396,69,81,81,81],"floor_reached":16,"playtime":517,"items_purged":["Strike_R"],"score":224,"play_id":"fb16e7bc-778b-40b0-a3cb-cbafbbaa4bb1","local_time":"20250320112230","score_breakdown":["到達した階層 (16): 80","敵モンスター撃破数 (6): 12","エリート撃破：序章 (2): 20","ボス撃破 (0): 0","アセンション (20): 112"],"is_ascension_mode":true,"potions_obtained_alchemize":[[],[],[],[],[],[],[],[],[],[],[],[],[],[],[],[]],"campfire_choices":[{"data":"Immolate","floor":6,"key":"SMITH"},{"floor":12,"key":"REST"},{"data":"Blood for Blood","floor":15,"key":"SMITH"}],"lesson_learned_per_floor":[[],[],[],[],[],[],[],[],[],[],[],[],[],[],[],[]],"neow_cost":"NO_GOLD","improvable_cards":{},"seed_source_timestamp":76915331620833,"shop_contents":[{"floor":13,"relics":["Sundial","Boot","ClockworkSouvenir"],"cards":["Perfected Strike","Havoc","Evolve","Madness","Panache"],"potions":["BloodPotion","EssenceOfSteel","GamblersBrew"]}],"circlet_count":0,"master_deck":["AscendersBane","Strike_R","Strike_R","Strike_R","Strike_R","Defend_R","Defend_R","Defend_R","Defend_R","Bash","Immolate+1","Flame Barrier","Thunderclap+1","Shockwave+1","Blood for Blood+1","Flame Barrier","Fiend Fire","Impervious","Shockwave"],"potion_use_per_floor":[[],[],[],[],[],[],[],["SneckoOil"],[],[],[],[],[],[],[],[]],"relics":["Burning Blood","Toy Ornithopter","Question Card","Old Coin"],"potions_floor_usage":[8],"damage_taken":[{"damage":8,"enemies":"2 Louse","floor":1,"turns":2},{"damage":0,"enemies":"Small Slimes","floor":2,"turns":2},{"damage":7,"enemies":"Jaw Worm","floor":3,"turns":4},{"damage":17,"enemies":"Large Slime","floor":5,"turns":6},{"damage":27,"enemies":"Lagavulin","floor":8,"turns":5},{"damage":29,"enemies":"Gremlin Nob","floor":10,"turns":4},{"damage":6,"enemies":"Looter","floor":11,"turns":3},{"damage":4,"enemies":"Exordium Thugs","floor":14,"turns":2},{"damage":38,"enemies":"Hexaghost","floor":16,"turns":9}],"seed_played":"-3052537920136761122","neow_bonus_log":{"cardsObtained":[],"cardsUpgraded":[],"cardsRemoved":[],"cardsTransformed":[],"relicsObtained":[],"maxHpGained":0,"goldGained":0,"damageTaken":0,"goldLost":99,"maxHpLost":0},"potions_obtained":[{"floor":2,"key":"EssenceOfSteel"},{"floor":3,"key":"SneckoOil"},{"floor":10,"key":"ElixirPotion"}],"is_trial":false,"path_per_floor":["M","M","M","?","M","R","?","E","T","E","M","R","$","M","R","B"],"character_chosen":"IRONCLAD","basemod:card_modifiers":[null,null,null,null,null,null,null,null,null,null,null,null,null,null,null,null,null,null,null],"items_purchased":["Fiend Fire","Impervious"],"campfire_rested":1,"item_purchase_floors":[13,13],"current_hp_per_floor":[66,72,71,48,37,37,55,34,34,11,11,33,33,35,35,0],"gold":81,"neow_bonus":"THREE_RARE_CARDS","is_prod":false,"is_daily":false,"rewards_skipped":[{"floor":11,"relics":[],"potions":["Swift Potion"]}],"chose_seed":false,"campfire_upgraded":2,"win_rate":0,"floor_exit_playtime":[46,74,115,123,181,190,194,252,258,304,345,353,380,425,437],"timestamp":1742437350,"path_taken":["M","M","M","?","M","R","?","E","T","E","M","R","?","M","R","BOSS"],"build_version":"2022-12-18","purchased_purges":1,"victory":false,"max_hp_per_floor":[75,75,75,75,75,75,75,75,75,75,75,75,75,75,75,75],"relic_stats":{"counters":[9,37],"Question Card":3,"obtain_stats":[{"Question Card":9,"Burning Blood":0,"Toy Ornithopter":8,"Old Coin":10},{"Question Card":5,"Burning Blood":0,"Toy Ornithopter":5,"Old Coin":6},{"Question Card":19,"Burning Blood":0,"Toy Ornithopter":19,"Old Coin":23}],"Burning Blood":48,"Toy Ornithopter":0},"card_choices":[{"not_picked":["Juggernaut","Double Tap"],"picked":"Immolate","floor":0},{"not_picked":["Iron Wave","Cleave"],"picked":"Flame Barrier","floor":1},{"not_picked":["Flex","Fire Breathing"],"picked":"Thunderclap","floor":2},{"not_picked":["Sword Boomerang","Iron Wave"],"picked":"Shockwave","floor":3},{"not_picked":["Ghostly Armor","Flex","Iron Wave"],"picked":"SKIP","floor":5},{"not_picked":["Evolve","Sever Soul","Reckless Charge"],"picked":"SKIP","floor":8},{"not_picked":["Inflame","Sentinel","Carnage"],"picked":"Blood for Blood","floor":10},{"not_picked":["Metallicize","Rampage","Iron Wave"],"picked":"Flame Barrier","floor":11},{"not_picked":["Wild Strike","Sword Boomerang","Headbutt"],"picked":"Shockwave","floor":14}],"player_experience":986519,"relics_obtained":[{"floor":8,"key":"Toy Ornithopter"},{"floor":9,"key":"Question Card"},{"floor":10,"key":"Old Coin"}],"event_choices":[{"damage_healed":0,"gold_gain":0,"player_choice":"Entered Light","damage_taken":23,"max_hp_gain":0,"max_hp_loss":0,"event_name":"Shining Light","floor":4,"gold_loss":0,"cards_upgraded":["Thunderclap","Shockwave"]},{"damage_healed":18,"gold_gain":0,"player_choice":"Healed","damage_taken":0,"max_hp_gain":0,"max_hp_loss":0,"event_name":"The Cleric","floor":7,"gold_loss":35}],"is_beta":false,"boss_relics":[],"items_purged_floors":[13],"is_endless":false,"potions_floor_spawned":[2,3,10,11],"killed_by":"Hexaghost","ascension_level":20,"potion_discard_per_floor":[[],[],[],[],[],[],[],[],[],[],[],[],[],[],[],[]]}